@article{onsetpd,
  title={The onset of nonmotor symptoms in {P}arksinon's disease (the ONSET PD study)},
  author={Pont-Sunyer, Claustre and Hotter, Anna and Gaig, Carles and Seppi, Klaus and Compta, Yaroslau and Katzenschlager, Regina and Mas, Natalia and Hofeneder, Dominik and Br{\"u}cke, Thomas and Bay{\'e}s, Angels and others},
  journal={Movement Disorders},
  volume={30},
  number={2},
  pages={229--237},
  year={2015},
  publisher={Wiley Online Library}
}

@article{vu12,
  title={Progression of motor and nonmotor features of {P}arksinon's disease and their response to treatment},
  author={Vu, Thuy C and Nutt, John G and Holford, Nicholas HG},
  journal={British journal of clinical pharmacology},
  volume={74},
  number={2},
  pages={267--283},
  year={2012},
  publisher={Wiley Online Library}
}

@article{zahodne12,
  title={Mood and motor trajectories in {P}arksinon's disease: Multivariate latent growth curve modeling.},
  author={Zahodne, Laura B and Marsiske, Michael and Okun, Michael S and Rodriguez, Ramon L and Malaty, Irene and Bowers, Dawn},
  journal={Neuropsychology},
  volume={26},
  number={1},
  pages={71},
  year={2012},
  publisher={American Psychological Association}
}

@article{erro13,
  title={The heterogeneity of early {P}arksinonâ€™s disease: a cluster analysis on newly diagnosed untreated patients},
  author={Erro, Roberto and Vitale, Carmine and Amboni, Marianna and Picillo, Marina and Moccia, Marcello and Longo, Katia and Santangelo, Gabriella and De Rosa, Anna and Allocca, Roberto and Giordano, Flavio and others},
  journal={PLoS One},
  volume={8},
  number={8},
  pages={e70244},
  year={2013},
  publisher={Public Library of Science}
}


@article{ma15,
  title={Heterogeneity among patients with {P}arksinon's disease: Cluster analysis and genetic association},
  author={Ma, Ling-Yan and Chan, Piu and Gu, Zhu-Qin and Li, Fang-Fei and Feng, Tao},
  journal={Journal of the {N}eurological {S}ciences},
  volume={351},
  number={1},
  pages={41--45},
  year={2015},
  publisher={Elsevier}
}


@article{fereshtehnejad15,
  title={New clinical subtypes of {P}arksinon disease and their longitudinal progression: a prospective cohort comparison with other phenotypes},
  author={Fereshtehnejad, Seyed-Mohammad and Romenets, Silvia Rios and Anang, Julius BM and Latreille, V{\'e}ronique and Gagnon, Jean-Fran{\c{c}}ois and Postuma, Ronald B},
  journal={JAMA neurology},
  volume={72},
  number={8},
  pages={863--873},
  year={2015},
  publisher={American Medical Association}
}

@article{sauerbier15,
  title={Non motor subtypes and {P}arkinson's disease},
  author={Sauerbier, Anna and Jenner, Peter and Todorova, Antoniya and Chaudhuri, K Ray},
  journal={{P}arksinonism \& related disorders},
  volume={22},
  pages={S41--S46},
  year={2016},
  publisher={Elsevier}
}

@article{vanrooden10,
  title={The identification of {P}arkinson's disease subtypes using cluster analysis: a systematic review},
  author={van Rooden, Stephanie M and Heiser, Willem J and Kok, Joost N and Verbaan, Dagmar and van Hilten, Jacobus J and Marinus, Johan},
  journal={Movement Disorders},
  volume={25},
  number={8},
  pages={969--978},
  year={2010},
  publisher={Wiley Online Library}
}

@article{vanrooden11,
  title={Clinical subtypes of {P}arkinson's disease},
  author={van Rooden, Stephanie M and Colas, Fabrice and Mart{\'\i}nez-Mart{\'\i}n, Pablo and Visser, Martine and Verbaan, Dagmar and Marinus, Johan and Chaudhuri, Ray K and Kok, Joost N and van Hilten, Jacobus J},
  journal={Movement Disorders},
  volume={26},
  number={1},
  pages={51--58},
  year={2011},
  publisher={Wiley Online Library}
}

@article{tibshirani01gap,
  title={Estimating the number of clusters in a data set via the gap statistic},
  author={Tibshirani, Robert and Walther, Guenther and Hastie, Trevor},
  journal={Journal of the Royal Statistical Society: Series B (Statistical Methodology)},
  volume={63},
  number={2},
  pages={411--423},
  year={2001},
  publisher={Wiley Online Library}
}
@article{yeung2001validating,
  title={Validating clustering for gene expression data},
  author={Yeung, Ka Yee and Haynor, David R. and Ruzzo, Walter L.},
  journal={Bioinformatics},
  volume={17},
  number={4},
  pages={309--318},
  year={2001},
  publisher={Oxford Univ Press}
}
@article{datta2006methods,
  title={Methods for evaluating clustering algorithms for gene expression data using a reference set of functional classes},
  author={Datta, Susmita and Datta, Somnath},
  journal={BMC Bioinformatics},
  volume={7},
  number={1},
  pages={397},
  year={2006},
  publisher={BioMed Central Ltd}
}
@article{brock11clvalid,
   author = {Guy Brock and Vasyl Pihur and Susmita Datta and Somnath Datta},
   title = {clValid: An R Package for Cluster Validation},
   journal = {Journal of Statistical Software},
   volume = {25},
   number = {1},
   year = {2008},
   issn = {1548-7660},
   pages = {1--22}
}

@article{hubert1985,
author="Hubert, Lawrence
and Arabie, Phipps",
title="Comparing partitions",
journal="Journal of Classification",
year="1985",
volume="2",
number="1",
pages="193--218",
issn="1432-1343",
}

@inproceedings{rosenberg07vmeasure,
  author = {Rosenberg, Andrew and Hirschberg, Julia},
  booktitle = {Proceedings of the 2007 Joint Conference on Empirical Methods in Natural Language Processing and Computational Natural Language Learning (EMNLP-CoNLL)},
  pages = {410--420},
  title = {{V}-Measure: A Conditional Entropy-Based External Cluster Evaluation Measure},
  year = 2007
}
